@article{zucker2015general,
  title={A General-purpose System for Teleoperation of the DRC-HUBO Humanoid Robot},
  author={Matt Zucker and Sungmoon Joo and Michael X Grey and Christopher Rasmussen and Eric Huang and Michael Stilman and Aaron Bobick},
  journal={Journal of Field Robotics},
  volume={32},
  number={3},
  pages={336--351},
  year={2015},
  publisher={Wiley Online Library}
}

@phdthesis{grey2017high,
  title={High Level Decomposition for Bipedal Locomotion Planning},
  author={Grey, Michael Xander},
  year={2017},
  school={Georgia Institute of Technology}
}

@INPROCEEDINGS{Grey-RSS-17, 
    AUTHOR    = {Michael X. Grey AND Aaron D. Ames AND C. Karen Liu}, 
    TITLE     = {Probabilistic Completeness of Randomized Possibility Graphs Applied to Bipedal Walking in Semi-unstructured Environments}, 
    BOOKTITLE = {Proceedings of Robotics: Science and Systems}, 
    YEAR      = {2017}, 
    ADDRESS   = {Cambridge, Massachusetts}, 
    MONTH     = {July}, 
    DOI       = {10.15607/RSS.2017.XIII.029} 
}

@inproceedings{grey2017footstep,
  title={Footstep and Motion Planning in Semi-unstructured Environments Using Randomized Possibility Graphs},
  authors={Grey, Michael X. and Ames, Aaron D. and Liu, C. Karen},
  conference={IEEE Int'l Conf. on Robotics and Automation (ICRA)},
  year={2017}
}

@inproceedings{grey2016humanoid,
  title={Humanoid manipulation planning using backward-forward search},
  author={Grey, Michael X and Garrett, Caelan R and Liu, C Karen and Ames, Aaron D and Thomaz, Andrea L},
  booktitle={Intelligent Robots and Systems (IROS), 2016 IEEE/RSJ International Conference on},
  pages={5467--5473},
  year={2016},
  organization={IEEE}
}

@inproceedings{hubicki2016work,
  title={Work those arms: Toward dynamic and stable humanoid walking that optimizes full-body motion},
  author={Hubicki, Christian M and Hereid, Ayonga and Grey, Michael X and Thomaz, Andrea L and Ames, Aaron D},
  booktitle={Robotics and Automation (ICRA), 2016 IEEE International Conference on},
  pages={1552--1559},
  year={2016},
  organization={IEEE}
}

@inproceedings{grey2014planning,
  title={Planning heavy lifts for humanoid robots},
  author={Grey, Michael and Joo, Sungmoon and Zucker, Matt},
  booktitle={Humanoid Robots (Humanoids), 2014 14th IEEE-RAS International Conference on},
  pages={640--645},
  year={2014},
  organization={IEEE}
}

@inproceedings{luo2014robust,
  title={Robust ladder-climbing with a humanoid robot with application to the darpa robotics challenge},
  author={Luo, Jingru and Zhang, Yajia and Hauser, Kris and Park, H Andy and Paldhe, Manas and Lee, CS George and Grey, Michael and Stilman, Mike and Oh, Jun Ho and Lee, Jungho and others},
  booktitle={Robotics and Automation (ICRA), 2014 IEEE International Conference on},
  pages={2792--2798},
  year={2014},
  organization={IEEE}
}

@inproceedings{oflaherty2013humanoid,
  title={Humanoid robot teleoperation for tasks with power tools},
  author={O'Flaherty, Rowland and Vieira, Peter and Grey, Michael X and Oh, Paul and Bobick, Aaron and Egerstedt, Magnus and Stilman, Mike},
  booktitle={Technologies for Practical Robot applications (TePRa), 2013 ieee international conference on},
  pages={1--6},
  year={2013},
  organization={IEEE}
}

@inproceedings{grey2013multi,
  title={Multi-process control software for hubo2 plus robot},
  author={Grey, Michael X and Dantam, Neil and Lofaro, Daniel M and Bobick, Aaron and Egerstedt, Magnus and Oh, Paul and Stilman, Mike},
  booktitle={Technologies for Practical Robot Applications (TePRA), 2013 IEEE International Conference on},
  pages={1--6},
  year={2013},
  organization={IEEE}
}